<record><leader>01446cam a2200397 i 45 0</leader><controlfield tag="001">6783608</controlfield><controlfield tag="003">OCoLC</controlfield><controlfield tag="005">20150115165811.0</controlfield><controlfield tag="008">141007t20152015bcc           000 f eng  </controlfield><datafield ind1=" " ind2=" " tag="016"><subfield code="a">20149066597</subfield></datafield><datafield ind1=" " ind2=" " tag="020"><subfield code="a">9781459808690</subfield><subfield code="q">(pbk.)</subfield></datafield><datafield ind1=" " ind2=" " tag="020"><subfield code="a">145980869X</subfield><subfield code="q">(pbk.)</subfield></datafield><datafield ind1=" " ind2=" " tag="035"><subfield code="a">ocn892779131</subfield></datafield><datafield ind1=" " ind2=" " tag="040"><subfield code="a">NLC</subfield><subfield code="b">eng</subfield><subfield code="e">rda</subfield><subfield code="c">NLC</subfield><subfield code="d">OCLCO</subfield><subfield code="d">YDXCP</subfield><subfield code="d">OCLCQ</subfield><subfield code="d">BTCTA</subfield><subfield code="d">BDX</subfield><subfield code="d">AEVC</subfield></datafield><datafield ind1=" " ind2="0" tag="055"><subfield code="a">PS8615 A77383</subfield><subfield code="b">B44 2015</subfield></datafield><datafield ind1="0" ind2="4" tag="082"><subfield code="a">C813/.6</subfield><subfield code="2">23</subfield></datafield><datafield ind1=" " ind2=" " tag="090"><subfield code="a">ER Series RAP REA</subfield><subfield code="b">AEVC</subfield></datafield><datafield ind1=" " ind2=" " tag="090"><subfield code="a">PE1117 .R275 H37 2015</subfield><subfield code="b">AEGMCT</subfield></datafield><datafield ind1="1" ind2=" " tag="100"><subfield code="a">Harvey, Brian J.,</subfield><subfield code="d">1948-</subfield><subfield code="e">author.</subfield></datafield><datafield ind1="1" ind2="0" tag="245"><subfield code="a">Beethoven's Tenth /</subfield><subfield code="c">Brian Harvey.</subfield></datafield><datafield ind1=" " ind2="1" tag="264"><subfield code="a">Victoria, BC Canada :</subfield><subfield code="b">Raven Books, an imprint of Orca Book Publishers, </subfield><subfield code="c">2015.</subfield></datafield><datafield ind1=" " ind2="4" tag="264"><subfield code="c">&#169;2015</subfield></datafield><datafield ind1=" " ind2=" " tag="300"><subfield code="a">153 pages ; </subfield><subfield code="c">19 cm</subfield></datafield><datafield ind1=" " ind2=" " tag="336"><subfield code="a">text</subfield><subfield code="b">txt</subfield><subfield code="2">rdacontent</subfield></datafield><datafield ind1=" " ind2=" " tag="337"><subfield code="a">unmediated</subfield><subfield code="b">n</subfield><subfield code="2">rdamedia</subfield></datafield><datafield ind1=" " ind2=" " tag="338"><subfield code="a">volume</subfield><subfield code="b">nc</subfield><subfield code="2">rdacarrier</subfield></datafield><datafield ind1="1" ind2=" " tag="490"><subfield code="a">Rapid Reads</subfield></datafield><datafield ind1=" " ind2=" " tag="500"><subfield code="a">A Frank Ryan mystery.</subfield></datafield><datafield ind1=" " ind2=" " tag="590"><subfield code="a">MacEwan University: Intermediate reading level.</subfield><subfield code="5">CaAEGMCT</subfield></datafield><datafield ind1=" " ind2=" " tag="596"><subfield code="a">3 55</subfield></datafield><datafield ind1=" " ind2="0" tag="650"><subfield code="a">Detective and mystery stories.</subfield></datafield><datafield ind1=" " ind2="0" tag="650"><subfield code="a">Readers for new literates.</subfield></datafield><datafield ind1=" " ind2="0" tag="650"><subfield code="a">High interest-low vocabulary books.</subfield></datafield><datafield ind1=" " ind2="0" tag="830"><subfield code="a">Rapid reads.</subfield></datafield><datafield ind1=" " ind2=" " tag="926"><subfield code="a">ER Series RAP REA</subfield><subfield code="w">ASIS</subfield><subfield code="c">1</subfield><subfield code="i">33862001355951</subfield><subfield code="d">7/6/2015</subfield><subfield code="e">7/3/2015</subfield><subfield code="l">EASY_READ</subfield><subfield code="m">NORQ_MAIN</subfield><subfield code="n">3</subfield><subfield code="p">$9.95</subfield><subfield code="r">Y</subfield><subfield code="s">Y</subfield><subfield code="t">BOOK</subfield><subfield code="u">3/23/2015</subfield></datafield><datafield ind1=" " ind2=" " tag="926"><subfield code="a">PE1117 .R275 H37 2015</subfield><subfield code="w">LC</subfield><subfield code="c">1</subfield><subfield code="i">1007695115</subfield><subfield code="l">ESL</subfield><subfield code="m">GR_MAC_ACC</subfield><subfield code="p">$8.76</subfield><subfield code="r">Y</subfield><subfield code="s">Y</subfield><subfield code="t">BOOK</subfield><subfield code="u">6/1/2016</subfield></datafield></record>